<?xml version="1.0" encoding="UTF-8" ?>
<collection xmlns:xsi="http://www.w3.org/2001/XMLSchema-instance"
    xsi:schemaLocation="http://www.loc.gov/MARC21/slim
        http://www.loc.gov/standards/marcxml/schema/MARC21slim.xsd"
    xmlns="http://www.loc.gov/MARC21/slim">
<record>
  <leader>00262cam a2200505 i 4500</leader>
  <controlfield tag="001">b12532745</controlfield>
  <controlfield tag="003">LeBAU</controlfield>
  <controlfield tag="005">20140125</controlfield>
  <controlfield tag="008">970722s1948    le            1|0 0 ara d</controlfield>
  <datafield tag="035" ind1=" " ind2=" ">
    <subfield code="a">ocn784390495</subfield>
  </datafield>
  <datafield tag="040" ind1=" " ind2=" ">
    <subfield code="a">LEAUB</subfield>
    <subfield code="b">ara</subfield>
    <subfield code="e">rda</subfield>
    <subfield code="c">LEAUB</subfield>
    <subfield code="d">LEAUB</subfield>
  </datafield>
  <datafield tag="082" ind1="0" ind2="4">
    <subfield code="a">892.709</subfield>
    <subfield code="2">22</subfield>
  </datafield>
  <datafield tag="111" ind1="2" ind2=" ">
    <subfield code="6">880-01</subfield>
    <subfield code="a">Mu’tamar al-‘Āmm li-Munaẓẓamat al-Yūniskū</subfield>
    <subfield code="n">(3 :</subfield>
    <subfield code="d">1948 :</subfield>
    <subfield code="c">Beirut)</subfield>
  </datafield>
  <datafield tag="245" ind1="1" ind2="0">
    <subfield code="6">880-02</subfield>
    <subfield code="a">Aʻlām al-Lubnānīyīn fī nahḍat al-ādāb al-ʻArabīyah /</subfield>
    <subfield code="c">al-Muʼtamar al-ʼĀmm al-Thālith li-Munaẓẓamat al-Ūniskū.</subfield>
  </datafield>
  <datafield tag="246" ind1="1" ind2=" ">
    <subfield code="6">880-03</subfield>
    <subfield code="i">العنوان على صفحة [4] من الغلاف:</subfield>
    <subfield code="a">Anthologie des auteurs Libanais de langue Arabe</subfield>
  </datafield>
  <datafield tag="264" ind1=" " ind2="1">
    <subfield code="6">880-04</subfield>
    <subfield code="a">Bayrūt :</subfield>
    <subfield code="b">al-Lajnah al-Lubnānīyah li-Iʻdād Shahr al-Ūniskū,</subfield>
    <subfield code="c">1948.</subfield>
  </datafield>
  <datafield tag="300" ind1=" " ind2=" ">
    <subfield code="6">880-05</subfield>
    <subfield code="a">226 pages ;</subfield>
    <subfield code="c">24 cm</subfield>
  </datafield>
  <datafield tag="336" ind1=" " ind2=" ">
    <subfield code="a">text</subfield>
    <subfield code="b">txt</subfield>
    <subfield code="2">rdacontent</subfield>
  </datafield>
  <datafield tag="337" ind1=" " ind2=" ">
    <subfield code="a">unmediated</subfield>
    <subfield code="b">n</subfield>
    <subfield code="2">rdamedia</subfield>
  </datafield>
  <datafield tag="338" ind1=" " ind2=" ">
    <subfield code="a">volume</subfield>
    <subfield code="b">nc</subfield>
    <subfield code="2">rdacarrier</subfield>
  </datafield>
  <datafield tag="505" ind1="0" ind2="0">
    <subfield code="t">أعلام اللبنانيين في نهضة الآداب العربية:</subfield>
    <subfield code="g">الشعر.</subfield>
    <subfield code="t">تامر الملاط --</subfield>
    <subfield code="t">سليمان البستاني --</subfield>
    <subfield code="t">داود عمون --</subfield>
    <subfield code="t">وديع عقل --</subfield>
    <subfield code="t">أمين تقي الدين --</subfield>
    <subfield code="t">فوزي المعلوف --</subfield>
    <subfield code="t">إلياس أبو شبكة --</subfield>
    <subfield code="g">النثر.</subfield>
    <subfield code="t">أحمد فارس الشدياق --</subfield>
    <subfield code="t">المعلم بطرس البستاني --</subfield>
    <subfield code="t">الشيخ إبراهيم اليازجي --</subfield>
    <subfield code="t">الدكتور يعقوب صروف --</subfield>
    <subfield code="t">الدكتور شبلي الشميل --</subfield>
    <subfield code="t">سليمان البستاني --</subfield>
    <subfield code="t">جرجي زيدان --</subfield>
    <subfield code="t">أمين الريحاني --</subfield>
    <subfield code="t">جبران خليل جبران --</subfield>
    <subfield code="t">فرح أنطوان --</subfield>
    <subfield code="t">أنطوان الجميل --</subfield>
    <subfield code="t">مي زياده --</subfield>
    <subfield code="t">عمر فاخوري.</subfield>
  </datafield>
  <datafield tag="650" ind1=" " ind2="4">
    <subfield code="a">الادب العربي</subfield>
    <subfield code="z">لبنان</subfield>
    <subfield code="x">تاريخ ونقد.</subfield>
  </datafield>
  <datafield tag="650" ind1=" " ind2="4">
    <subfield code="a">الأدباء العرب</subfield>
    <subfield code="z">لبنان</subfield>
    <subfield code="y">القرن التاسع عشر.</subfield>
  </datafield>
  <datafield tag="650" ind1=" " ind2="4">
    <subfield code="a">الأدباء العرب</subfield>
    <subfield code="z">لبنان</subfield>
    <subfield code="y">القرن العشرون.</subfield>
  </datafield>
  <datafield tag="650" ind1=" " ind2="4">
    <subfield code="a">الادب العربي</subfield>
    <subfield code="y">1801-</subfield>
    <subfield code="x">تاريخ ونقد.</subfield>
  </datafield>
  <datafield tag="650" ind1=" " ind2="0">
    <subfield code="a">Arabic literature</subfield>
    <subfield code="z">Lebanon</subfield>
    <subfield code="x">History and criticism.</subfield>
  </datafield>
  <datafield tag="650" ind1=" " ind2="0">
    <subfield code="a">Authors, Arab</subfield>
    <subfield code="y">19th century. </subfield>
  </datafield>
  <datafield tag="650" ind1=" " ind2="0">
    <subfield code="a">Authors, Arab</subfield>
    <subfield code="y">20h century.</subfield>
  </datafield>
  <datafield tag="650" ind1=" " ind2="0">
    <subfield code="a">Arabic literature</subfield>
    <subfield code="y">1801-</subfield>
    <subfield code="x">History and criticism.</subfield>
  </datafield>
  <datafield tag="651" ind1=" " ind2="4">
    <subfield code="a">لبنان</subfield>
    <subfield code="x">الحياة الفكرية</subfield>
    <subfield code="y">القرن العشرون.</subfield>
  </datafield>
  <datafield tag="651" ind1=" " ind2="0">
    <subfield code="a">Lebanon</subfield>
    <subfield code="x">Intellectual life</subfield>
    <subfield code="y">20th century.</subfield>
  </datafield>
  <datafield tag="655" ind1=" " ind2="4">
    <subfield code="a">مجموعات أدبية.</subfield>
  </datafield>
  <datafield tag="655" ind1=" " ind2="0">
    <subfield code="a">Literary collections.</subfield>
  </datafield>
  <datafield tag="710" ind1="2" ind2=" ">
    <subfield code="6">880-06</subfield>
    <subfield code="a">UNESCO,</subfield>
    <subfield code="e">organizer of meeting.</subfield>
  </datafield>
  <datafield tag="852" ind1=" " ind2=" ">
    <subfield code="a">Jafet Reference</subfield>
    <subfield code="e">American University of Beirut, Bliss Street , Beirut, Lebanon.</subfield>
  </datafield>
  <datafield tag="880" ind1="2" ind2=" ">
    <subfield code="6">111-01/(3/r</subfield>
    <subfield code="a">المؤتمر العام لمنظمة اليونسكو</subfield>
    <subfield code="n">(3 :</subfield>
    <subfield code="d">1948 :</subfield>
    <subfield code="c">بيروت)</subfield>
  </datafield>
  <datafield tag="880" ind1="1" ind2="0">
    <subfield code="6">245-02/(3/r</subfield>
    <subfield code="a">أعلام اللبنانيين في نهضة الآداب العربية /</subfield>
    <subfield code="c">المؤتمر العام الثالث لمنظمة الأونسكو.</subfield>
  </datafield>
  <datafield tag="880" ind1="1" ind2=" ">
    <subfield code="6">246-03/(3/r</subfield>
    <subfield code="a">title on page [4] of cover:</subfield>
    <subfield code="a">Anthologie des auteurs Libanais de langue Arabe</subfield>
  </datafield>
  <datafield tag="880" ind1=" " ind2="1">
    <subfield code="6">264-04/(3/r</subfield>
    <subfield code="a">بيروت :</subfield>
    <subfield code="b">اللجنة اللبنانية لإعداد شهر الأونسكو،</subfield>
    <subfield code="c">1948.</subfield>
  </datafield>
  <datafield tag="880" ind1=" " ind2=" ">
    <subfield code="6">300-05/(3/r</subfield>
    <subfield code="a">226 صفحة ؛</subfield>
    <subfield code="c">24 سم</subfield>
  </datafield>
  <datafield tag="880" ind1="1" ind2=" ">
    <subfield code="6">710-06/(3/r</subfield>
    <subfield code="a">اليونسكو،</subfield>
    <subfield code="e">منظم. </subfield>
    <subfield code="4">orm.</subfield>
  </datafield>
  <datafield tag="907" ind1=" " ind2=" ">
    <subfield code="a">.b12532745</subfield>
    <subfield code="b">16-03-01</subfield>
    <subfield code="c">11-05-24</subfield>
  </datafield>
  <datafield tag="907" ind1=" " ind2=" ">
    <subfield code="a">.b12532745</subfield>
    <subfield code="b">15-10-15</subfield>
    <subfield code="c">11-05-24</subfield>
  </datafield>
  <datafield tag="945" ind1=" " ind2=" ">
    <subfield code="f">RLEB</subfield>
    <subfield code="a">892.709:A318aA:c.1</subfield>
    <subfield code="g">1</subfield>
    <subfield code="i">01033257</subfield>
    <subfield code="j">.i13034790</subfield>
    <subfield code="l">u0607</subfield>
  </datafield>
  <datafield tag="998" ind1=" " ind2=" ">
    <subfield code="a">u06</subfield>
    <subfield code="b">97-07-22</subfield>
    <subfield code="c">m</subfield>
    <subfield code="d">a</subfield>
    <subfield code="e">-</subfield>
    <subfield code="f">ara</subfield>
    <subfield code="g">le </subfield>
    <subfield code="h">0</subfield>
    <subfield code="i">1</subfield>
  </datafield>
</record>
</collection>
